inproceedings{henriksson2018automotive,
  title={Automotive safety and machine learning: Initial results from a study on how to adapt the ISO 26262 safety standard},
  author={Henriksson, Jens and Borg, Markus and Englund, Cristofer},
  booktitle={2018 IEEE/ACM 1st International Workshop on Software Engineering for AI in Autonomous Systems (SEFAIAS)},
  pages={47--49},
  year={2018},
  organization={IEEE}
}